@book{folland,
author = "Gerald~B. Folland",
title = "Real analysis: modern techniques and their~applications",
edition=2,
year="1999",
publisher="Wiley-Interscience",
isbn="0-471-31716-0"
}

@misc{wikipediabairecat,
author = "Wikipedia contributors",
publisher= "Wikipedia, The Free Encyclopedia",
urldate = {2019-12-23},
year="2019",
title="Baire category theorem",
url ={https://en.wikipedia.org/w/index.php?title=Baire_category_theorem&oldid=930048767}
}

@misc{nowhere-dense,
author = "Wikipedia contributors",
publisher= "Wikipedia, The Free Encyclopedia",
urldate = {2019-12-23},
year="2019",
title= "Nowhere dense set",
url = {https://en.wikipedia.org/w/index.php?title=Nowhere_dense_set&oldid=926180927}
}